@misc{koungmeng2025,
  author       = {Koungmeng, Eong},
  title        = {Faculty of Engineering Thesis LaTeX Template},
  howpublished = {\url{https://github.com/Eong-Koungmeng/FE_Thesis_Template_LaTeX}},
  year         = {2025},
  note         = {Accessed: 2025-02-17}
}